<record><leader>00000cas a2200000   4500</leader><controlfield tag="001">6995034</controlfield><controlfield tag="007">hd afu---baca</controlfield><controlfield tag="008">801203d19701971nyuer n a     0   a0eng c</controlfield><datafield ind1=" " ind2=" " tag="010"><subfield code="a">sf 94091880 </subfield></datafield><datafield ind1=" " ind2=" " tag="040"><subfield code="a">IUL</subfield><subfield code="b">eng</subfield><subfield code="c">IUL</subfield><subfield code="d">OCL</subfield><subfield code="d">DLC</subfield><subfield code="d">MHN</subfield><subfield code="d">OCLCQ</subfield><subfield code="d">OCLCF</subfield><subfield code="d">OCLCO</subfield><subfield code="d">WAU</subfield><subfield code="d">OCLCQ</subfield></datafield><datafield ind1=" " ind2=" " tag="012"><subfield code="i">9403</subfield></datafield><datafield ind1=" " ind2=" " tag="042"><subfield code="a">pcc</subfield></datafield><datafield ind1="0" ind2="0" tag="050"><subfield code="a">Microfilm 03791 reel 3</subfield></datafield><datafield ind1=" " ind2="4" tag="050"><subfield code="a">HQ1101</subfield><subfield code="b">.H47</subfield></datafield><datafield ind1="0" ind2=" " tag="130"><subfield code="a">Rat (New York, N.Y.)</subfield></datafield><datafield ind1="1" ind2="0" tag="245"><subfield code="a">Rat.</subfield></datafield><datafield ind1=" " ind2=" " tag="260"><subfield code="a">NYC [New York, N.Y.]</subfield><subfield code="b">R.A.T. Publications</subfield></datafield><datafield ind1=" " ind2=" " tag="300"><subfield code="a">24 no.</subfield><subfield code="b">illustrations</subfield></datafield><datafield ind1=" " ind2=" " tag="310"><subfield code="a">Biweekly</subfield></datafield><datafield ind1=" " ind2=" " tag="336"><subfield code="a">text</subfield><subfield code="b">txt</subfield><subfield code="2">rdacontent</subfield></datafield><datafield ind1=" " ind2=" " tag="337"><subfield code="a">microform</subfield><subfield code="b">h</subfield><subfield code="2">rdamedia</subfield></datafield><datafield ind1=" " ind2=" " tag="338"><subfield code="a">microfilm reel</subfield><subfield code="b">hd</subfield><subfield code="2">rdacarrier</subfield></datafield><datafield ind1="0" ind2=" " tag="362"><subfield code="a">Jan. 26/Feb. 9, 1970-</subfield></datafield><datafield ind1="1" ind2=" " tag="362"><subfield code="a">Ceased in Aug. 2, 1971?</subfield></datafield><datafield ind1=" " ind2=" " tag="515"><subfield code="a">No more published?</subfield></datafield><datafield ind1=" " ind2=" " tag="515"><subfield code="a">Issues prior to no. 15 lack numbering.</subfield></datafield><datafield ind1=" " ind2=" " tag="515"><subfield code="a">Issues lack year dating.</subfield></datafield><datafield ind1=" " ind2=" " tag="533"><subfield code="a">Microfilm.</subfield><subfield code="b">Wooster, Ohio,</subfield><subfield code="c">Micro Photo Division, Bell &amp; Howell.</subfield><subfield code="e">1 reel. 35 mm.</subfield><subfield code="f">(Herstory, reel 3).</subfield></datafield><datafield ind1=" " ind2="0" tag="650"><subfield code="a">Feminism.</subfield></datafield><datafield ind1=" " ind2="7" tag="650"><subfield code="a">Feminism.</subfield><subfield code="2">fast</subfield><subfield code="0">(OCoLC)fst00922671</subfield></datafield><datafield ind1=" " ind2=" " tag="752"><subfield code="a">United States</subfield><subfield code="b">New York</subfield><subfield code="c">New York</subfield><subfield code="d">New York.</subfield></datafield><datafield ind1=" " ind2="0" tag="830"><subfield code="a">Herstory (Wooster, Ohio) ;</subfield><subfield code="v">reel 3.</subfield></datafield><datafield ind1=" " ind2=" " tag="850"><subfield code="a">DLC</subfield></datafield><datafield ind1=" " ind2=" " tag="936"><subfield code="a">Aug. 2, 1971</subfield></datafield></record>